[
  {
    "__type__": "cc.Prefab",
    "_name": "",
    "_objFlags": 0,
    "_native": "",
    "data": {
      "__id__": 1
    },
    "optimizationPolicy": 0,
    "asyncLoadAssets": false,
    "readonly": false
  },
  {
    "__type__": "cc.Node",
    "_name": "skill_shenlei",
    "_objFlags": 0,
    "_parent": null,
    "_children": [],
    "_active": true,
    "_components": [
      {
        "__id__": 2
      },
      {
        "__id__": 3
      },
      {
        "__id__": 4
      },
      {
        "__id__": 5
      }
    ],
    "_prefab": {
      "__id__": 6
    },
    "_opacity": 255,
    "_color": {
      "__type__": "cc.Color",
      "r": 255,
      "g": 255,
      "b": 255,
      "a": 255
    },
    "_contentSize": {
      "__type__": "cc.Size",
      "width": 100,
      "height": 500
    },
    "_anchorPoint": {
      "__type__": "cc.Vec2",
      "x": 0.5,
      "y": 0
    },
    "_trs": {
      "__type__": "TypedArray",
      "ctor": "Float64Array",
      "array": [
        0,
        0,
        0,
        0,
        0,
        0,
        1,
        1,
        1,
        1
      ]
    },
    "_eulerAngles": {
      "__type__": "cc.Vec3",
      "x": 0,
      "y": 0,
      "z": 0
    },
    "_skewX": 0,
    "_skewY": 0,
    "_is3DNode": false,
    "_groupIndex": 0,
    "groupIndex": 0,
    "_id": ""
  },
  {
    "__type__": "cc.Sprite",
    "_name": "",
    "_objFlags": 0,
    "node": {
      "__id__": 1
    },
    "_enabled": true,
    "_materials": [
      {
        "__uuid__": "eca5d2f2-8ef6-41c2-bbe6-f9c79d09c432"
      }
    ],
    "_srcBlendFactor": 770,
    "_dstBlendFactor": 771,
    "_spriteFrame": {
      "__uuid__": "84d81c7e-6f89-4c2c-ae48-5fd34efe1d5a"
    },
    "_type": 0,
    "_sizeMode": 0,
    "_fillType": 0,
    "_fillCenter": {
      "__type__": "cc.Vec2",
      "x": 0,
      "y": 0
    },
    "_fillStart": 0,
    "_fillRange": 0,
    "_isTrimmedMode": true,
    "_atlas": {
      "__uuid__": "e4a6539f-84f9-40a1-8f65-7ecfcb91f24a"
    },
    "_id": ""
  },
  {
    "__type__": "cc.Animation",
    "_name": "",
    "_objFlags": 0,
    "node": {
      "__id__": 1
    },
    "_enabled": true,
    "_defaultClip": {
      "__uuid__": "ce3bc663-d3c6-4996-8824-2dbf4669d0a7"
    },
    "_clips": [
      {
        "__uuid__": "ce3bc663-d3c6-4996-8824-2dbf4669d0a7"
      }
    ],
    "playOnLoad": false,
    "_id": ""
  },
  {
    "__type__": "5fe21MjQXRHDaLk9zMAgcu3",
    "_name": "",
    "_objFlags": 0,
    "node": {
      "__id__": 1
    },
    "_enabled": true,
    "auto_update_point": false,
    "_id": ""
  },
  {
    "__type__": "73e3ad9YCtGiLtrvbxnSydp",
    "_name": "",
    "_objFlags": 0,
    "node": {
      "__id__": 1
    },
    "_enabled": true,
    "_draw_collide": false,
    "_collide_shape": 1,
    "collide_group_id": 7,
    "_radius": 50,
    "_size": {
      "__type__": "cc.Size",
      "width": 50,
      "height": 400
    },
    "_polygon_points": [
      {
        "__type__": "cc.Vec2",
        "x": -45,
        "y": -45
      },
      {
        "__type__": "cc.Vec2",
        "x": 45,
        "y": -45
      },
      {
        "__type__": "cc.Vec2",
        "x": 60,
        "y": 40
      },
      {
        "__type__": "cc.Vec2",
        "x": 0,
        "y": 70
      },
      {
        "__type__": "cc.Vec2",
        "x": -60,
        "y": 40
      }
    ],
    "_offset": {
      "__type__": "cc.Vec2",
      "x": 0,
      "y": 200
    },
    "data_string": "",
    "_id": ""
  },
  {
    "__type__": "cc.PrefabInfo",
    "root": {
      "__id__": 1
    },
    "asset": {
      "__id__": 0
    },
    "fileId": "",
    "sync": false
  }
]